2529 3685
2382 173 2405 209 Ξ)

91 299 179 339 Iam
222 297 424 338 habemus
457 296 566 348 quod
612 294 889 334 desideratum
933 296 1004 332 est.
1075 290 1137 331 De
1169 291 1273 330 duro
1313 291 1452 329 animo
1493 289 1673 342 privigni
1706 302 1729 327 a
1761 289 1867 327 votis
1910 300 2110 327 novercae
2152 286 2411 325 abhorrentis

91 368 280 408 Phaedra
311 371 404 420 apte
435 367 511 406 hac
543 378 646 405 voce
680 365 821 414 utitur,
855 376 979 415 quam
1014 362 1209 410 Ovidius,
1242 361 1317 400 etsi
1350 373 1432 399 non
1467 359 1610 399 eadem
1646 359 1821 401 ratione,
1854 358 2044 397 similiter
2075 362 2214 396 tamen
2246 358 2289 395 in
2311 358 2412 396 Arte

91 439 291 480 amatoria
322 437 381 489 II,
415 438 499 477 552
532 440 725 489 usurpat:
770 433 968 473 barum-ia
1002 435 1143 472 noster
1173 431 1366 471 abundat
1402 442 1536 469 (tneor.
1615 428 1833 482 Hippolyti
1867 429 1975 467 enim
2008 427 2200 467 barbaria
2232 439 2413 466 amorem

92 514 131 550 et
162 508 447 549 blandimenta
481 506 694 546 Phaedrae
726 508 981 558 aspernatur,
1021 508 1163 543 contra
1196 503 1272 542 1100
1305 502 1394 541 1000
1436 500 1614 540 Ovidius
1657 499 1866 539 difficilem
1902 500 1978 539 viri
2019 499 2195 539 amantis
2227 498 2412 537 animum

92 591 312 632 moresque
344 579 526 618 immites
559 581 597 617 et
630 577 811 630 puellam
844 580 1046 616 vexantes
1080 575 1289 627 queritur,
1325 572 1373 612 cf.
1401 573 1524 612 etiam
1554 572 1645 611 Am.
1674 570 1703 613 Ι,
1734 573 1769 621 7,
1800 570 1862 609 19.

304 719 369 761 VI
404 718 459 760 53
493 730 559 770 sq.
601 717 939 768 meeiaclesqwe
975 715 1098 765 risos,
1135 713 1323 753 nimium
1358 726 1535 765 quoqne.
1574 711 1735 751 sineere
1769 713 1944 749 norunt.

718 787 857 827 Milite
891 790 975 826 sam
1010 785 1118 838 forti
1152 784 1237 823 rita
1273 783 1429 823 tuenda
1462 782 1581 835 fnit!

94 861 156 901 Ita
187 873 241 900 ex
274 861 465 900 codicum
499 860 698 900 memoria
730 860 807 898 1100
841 857 1045 897 distichon
1078 856 1246 895 Riesius
1280 855 1426 895 edidit.
1467 854 1536 893 sed
1580 853 1792 892 neminem
1824 852 1945 892 video
1979 864 2084 903 0330,
2119 852 2191 903 qui
2223 850 2419 891 traditam

94 932 343 985 scripturam
377 931 597 971 defendere
629 929 789 969 audeat.
846 928 906 968 Ea
938 932 1075 967 autem
1108 927 1310 966 librorum
1343 925 1533 964 condicio
1567 927 1645 975 est,
1679 928 1724 963 ut
1757 936 1850 963 cum
1887 921 2255 975 (2¹1uelpherbytano
2288 932 2420 974 paene

95 1015 239 1042 omnes
270 1001 377 1054 forti
407 1001 497 1041 rita
528 1000 771 1054 praebeant,
814 999 929 1038 solus
968 998 1184 1038 Parisinus
1225 996 1405 1049 fortuna
1440 995 1635 1035 exhibeat
1676 995 1813 1048 ipsum
1849 1005 2017 1046 quoque
2050 992 2099 1031 ab
2134 992 2259 1032 altera
2293 1003 2421 1030 manu

94 1074 137 1113 in
169 1072 277 1126 forti
312 1072 398 1111 rita
437 1076 687 1121 correctum,
730 1070 912 1122 denique
953 1070 1169 1109 inferiores
1211 1069 1370 1120 aliquot
1409 1065 1516 1119 forti
1556 1065 1654 1118 ripa
1694 1064 1882 1104 habeant.
1955 1063 2075 1102 Hanc
2116 1063 2334 1102 lectionem
2378 1063 2419 1101 in

95 1148 258 1184 textum
299 1143 493 1182 nonnulli
535 1147 775 1195 receperant
809 1140 949 1193 ripam
984 1153 1057 1193 pro
1092 1139 1214 1178 litore
1246 1139 1427 1191 positum
1468 1150 1557 1176 esse
1599 1136 1869 1176 defendentes
1911 1134 2005 1185 (vid.
2038 1134 2246 1187 Terpstra.
2277 1132 2423 1173 Ruhn-

96 1213 286 1266 kenius):
321 1214 371 1254 de
406 1227 488 1266 qua
521 1213 646 1253 verba
678 1213 813 1253 facere
845 1211 1107 1265 supersedeo,
1141 1223 1236 1250 cum
1270 1222 1345 1249 nec
1379 1208 1498 1248 bonis
1530 1207 1647 1247 libris
1674 1207 1832 1246 nitatur
1865 1219 2000 1258 neque
2027 1205 2148 1244 Iason
2177 1217 2272 1244 cum
2300 1204 2423 1243 sociis

95 1285 183 1325 suis
215 1285 419 1324 hostiliter
451 1285 631 1324 insulam
672 1283 879 1323 Lemnum
921 1283 1086 1333 adierit,
1129 1294 1225 1335 ergo
1259 1280 1309 1320 ab
1351 1279 1539 1319 hostibus
1579 1278 1782 1318 tuendum
1822 1290 1999 1327 regnum
2041 1276 2300 1329 Hypsipyles
2340 1287 2422 1314 non

94 1356 229 1395 fuerit.
280 1355 438 1395 Eadem
466 1355 516 1395 de
548 1368 692 1407 causa,
726 1354 932 1407 siquidem
961 1354 1089 1393 vitam
1117 1365 1255 1405 neque
1288 1352 1456 1404 reginae
1483 1362 1622 1402 neque
1649 1353 1879 1389 0010111111111
1906 1348 2127 1387 mulierum
2157 1346 2425 1386 Lemniarum

96 1427 367 1480 Argonautae
408 1427 718 1480 appetiverunt,
761 1426 884 1465 etiam
928 1430 1065 1464 nostra
1109 1428 1242 1463 aetate
1275 1423 1354 1461 viri
1388 1421 1495 1460 docti
1539 1420 1735 1460 traditam
1778 1420 2027 1472 scripturam
2059 1419 2156 1458 ferri
2189 1430 2273 1457 non
2304 1429 2426 1470 posse

96 1497 401 1537 iudicaverunt.
464 1498 527 1536 Ae
559 1498 740 1549 primum
775 1496 944 1549 quidem
978 1495 1206 1535 Mei-kelius
1237 1507 1367 1533 eam-u
1401 1506 1474 1545 pro
1510 1491 1596 1530 rita
1631 1491 1776 1541 edidit,
1809 1482 2027 1529 Palmerus
2060 1489 2256 1528 coniecit:
2294 1486 2427 1526 milite

98 1571 185 1607 tam.
210 1567 327 1620 forti,
358 1571 505 1617 maesta,
536 1567 692 1607 fatenda
717 1566 801 1620 fni,
829 1566 996 1607 Riesius
1024 1569 1133 1605 ferra
1164 1564 1340 1604 temmla
1374 1562 1464 1616 fuit
1490 1562 1723 1616 proposuit,
1757 1561 1916 1600 Birtius
1951 1573 2053 1599 tona
2087 1572 2159 1612 pro
2190 1558 2274 1598 rita
2303 1557 2428 1598 scribi

98 1639 251 1691 voluit,
284 1638 581 1690 Sedlmayerus
613 1643 841 1692 postremo,
884 1641 930 1677 ut
963 1637 1136 1677 eandem
1170 1650 1215 1675 ac
1258 1635 1417 1675 Birtius
1451 1633 1699 1673 sententiam
1733 1632 1913 1672 efficeret
1947 1644 1993 1670 ac
2026 1631 2165 1670 minus
2199 1642 2326 1682 quam
2358 1629 2428 1668 ille

97 1723 120 1749 a
153 1709 305 1749 tradita
337 1710 542 1763 scriptura
583 1709 810 1756 recederet,
856 1708 959 1748 ritta
999 1709 1041 1747 in
1074 1712 1194 1747 textu
1236 1707 1374 1760 posuit
1407 1707 1551 1745 vittam
1596 1716 1685 1744 esse
1718 1702 1971 1755 virginitatis
2012 1702 2178 1754 sig-num
2212 1700 2429 1751 adnotans,

99 1794 222 1834 quam
250 1781 300 1820 ad
327 1794 413 1821 rem
442 1781 811 1821 demonstrandam
838 1780 1016 1820 0011111111
1042 1782 1129 1819 Art.
1152 1792 1230 1818 am.
1252 1778 1328 1829 HI,
1355 1778 1459 1819 483:
1488 1776 1584 1816 Met.
1600 1775 1631 1826 l,
1659 1778 1762 1816 477:
1792 1774 1844 1825 H,
1861 1775 1966 1815 413:
1996 1773 2119 1826 Verg.
2136 1770 2309 1823 Aenss,
2336 1771 2428 1810 168.

97 1851 312 1892 Facillima
344 1852 510 1892 videtur
543 1851 804 1902 Sedlmayeri
837 1851 1072 1891 emendatio
1106 1863 1153 1890 ac
1185 1849 1385 1903 probatur
1417 1847 1634 1888 Ehwaldio
1667 1847 1708 1887 11.
1738 1847 1762 1886 1.
1790 1860 1826 1899 p.
1853 1846 1949 1896 223,
1977 1846 2090 1886 236³,
2124 1856 2260 1896 neque
2292 1846 2429 1882 tamen

98 1927 209 1962 recte
250 1922 299 1962 ab
343 1923 413 1963 illo
455 1923 703 1963 defenditur.
767 1923 855 1962 Illis
898 1923 1008 1962 enim
1050 1922 1168 1962 locis.
1212 1920 1366 1973 quibus
1409 1918 1684 1959 demonstrari
1724 1922 1842 1970 putat
1882 1917 2024 1955 vittam
2064 1915 2163 1968 poni
2202 1926 2276 1967 pro
2310 1913 2430 1965 signo

99 1994 371 2046 virginitatis,
405 1995 577 2033 minime
610 1994 651 2033 id
685 1994 886 2034 efficitur:
922 1993 991 2033 sed
1028 1992 1131 2032 illud
1166 2005 1261 2032 011111
1289 2005 1339 2031 ex
1369 1991 1432 2030 1113
1458 1994 1549 2030 tum
1575 2002 1627 2029 ex
1655 1989 1747 2028 aliis
1777 1987 1995 2041 permultis
2022 1987 2122 2025 lot-is
2149 1984 2431 2037 intellegimus

99 2064 245 2104 vittam
280 2078 369 2105 esse
402 2065 566 2117 insigne
599 2065 782 2118 pudoris.
846 2063 935 2112 Qua
971 2063 1021 2103 de
1055 2076 1096 2103 re
1129 2063 1316 2102 conferas
1349 2061 1475 2101 velim
1509 2074 1553 2100 011
1588 2072 1694 2113 quae
1720 2059 1950 2099 Lorenzius
1983 2059 2024 2096 in
2058 2056 2239 2096 editione
2265 2054 2433 2094 Mostel-

99 2135 224 2175 lariae
256 2135 478 2176 Plautinae
510 2136 554 2175 in
587 2149 770 2176 excursu
815 2135 995 2188 quodam
1038 2134 1089 2173 ad
1132 2146 1278 2173 versus
1317 2133 1408 2172 eius
1440 2131 1607 2171 fabulae
1642 2131 1888 2170 224—2‘26
1922 2128 2115 2168 disseruit
2147 2140 2212 2180 pp.
2252 2127 2334 2166 188
2371 2138 2430 2177 sq.

102 2204 261 2253 Quodsi
292 2206 395 2247 falso
429 2211 675 2261 argumento
708 2206 1027 2257 Scdlmayerum
1071 2205 1121 2244 ad
1164 2203 1423 2258 probandam
1462 2215 1581 2242 suam
1622 2202 1903 2241 coniecturam
1938 2200 1998 2240 uti
2030 2211 2096 2239 1110
2130 2198 2434 2237 demonstrasse

105 2277 285 2329 confido,
329 2278 441 2331 quod
480 2278 586 2318 idem
628 2282 701 2318 act.
738 2278 879 2331 philol.
916 2276 1132 2330 (Gotting.)
1168 2282 1263 2315 toni.
1300 2274 1403 2314 XVI
1441 2287 1477 2327 p.
1515 2274 1598 2314 402
1637 2272 1935 2323 demonstravi,
1976 2272 2057 2310 iam
2099 2282 2208 2308 nova
2248 2267 2435 2308 exoritur

107 2350 307 2401 quaestio,
339 2363 442 2389 num
473 2350 577 2389 forte
610 2350 713 2389 vitta.
744 2362 817 2402 pro
850 2348 1006 2401 insigni
1039 2347 1212 2400 pudoris
1245 2346 1377 2399 posita
1411 2345 1669 2395 Sedlmayeri
1703 2344 1941 2383 0011100111111
1973 2341 2137 2395 1110111111
2169 2339 2308 2393 possit.
2371 2338 2434 2377 Ac

107 2431 252 2459 vereor
284 2433 335 2460 110
367 2421 543 2461 001011113
575 2421 865 2471 indicaverim,
905 2432 1000 2459 011111
1033 2419 1056 2459 1.
1092 2419 1117 2459 l.
1152 2418 1299 2458 falsam
1341 2430 1431 2457 eam
1475 2429 1565 2456 esse
1604 2415 1898 2455 contenderem
1936 2413 2040 2453 falso
2075 2413 2164 2452 eius
2196 2411 2328 2464 ipsius
2362 2409 2436 2462 qui

107 2496 377 2544 proposuerat
410 2495 653 2545 argumento
687 2491 914 2531 adductus:
960 2491 1087 2530 immo
1122 2490 1278 2542 optima
1320 2501 1463 2528 earum
1507 2499 1614 2539 quae
1648 2486 1698 2526 ad
1732 2486 1844 2526 hunc
1885 2485 2023 2525 locum
2063 2483 2297 2536 propositae
2338 2484 2437 2520 sunt

107 2561 447 2602 emendationum
490 2575 601 2602 nune
640 2562 741 2603 mihi
784 2562 962 2613 videtur,
997 2585 1049 2590 -
1083 2561 1116 2600 31
1156 2560 1278 2599 modo
1320 2560 1408 2612 ipsa
1450 2558 1599 2598 tradita
1641 2558 1761 2597 100110
1804 2555 2093 2596 emendatione
2135 2558 2237 2606 eget.
2302 2550 2435 2600 Quam

108 2632 329 2673 defendere
362 2646 437 2686 ego
471 2633 665 2683 conabor,
709 2634 781 2685 qui
814 2633 1028 2685 superiore
1067 2635 1252 2684 tempore
1293 2630 1370 2669 hoc
1411 2628 1501 2669 fieri
1541 2641 1663 2681 posse
1704 2641 1788 2667 non
1832 2626 2077 2667 crediderim
2110 2628 2149 2664 et
2180 2625 2268 2677 ipse
2301 2623 2436 2662 varias

108 2704 288 2744 rationes
320 2704 496 2744 sanandi
537 2705 617 2744 loci
650 2704 973 2757 excogitaverim
1014 2703 1148 2755 (signo
1180 2700 1521 2754 interrogationis
1554 2700 1688 2753 posito
1723 2711 1866 2738 nomae
1900 2696 2055 2736 tuenda
2089 2694 2187 2748 fui?
2235 2698 2306 2734 aut
2349 2706 2436 2732 non

108 2775 335 2815 metuenda.
372 2775 473 2828 fni?
520 2779 591 2815 aut
635 2774 696 2814 vels-
738 2774 965 2814 metnemla
1002 2772 1160 2826 staff),
1208 2777 1332 2825 atque
1372 2776 1419 2811 ut
1459 2771 1501 2810 id
1546 2770 1681 2810 facere
1727 2782 1861 2819 coner,
1906 2779 2076 2807 moveor
2119 2767 2208 2806 loco
2254 2764 2435 2818 quodam

108 2844 324 2898 Tristium,
357 2859 482 2899 quem
514 2859 649 2900 nuper
681 2846 851 2897 offendi,
883 2844 957 2896 IV,
991 2847 1035 2896 4,
1069 2845 1124 2884 35
1157 2857 1235 2896 sq.:

606 2947 1079 2957 ...........
1117 2914 1161 2953 in
1197 2913 1399 2953 omnibns·
1431 2911 1551 2955 actes,

729 2987 894 3028 Ultimas
925 2986 965 3025 si
997 2986 1152 3031 demas,
1190 2984 1275 3024 rim
1311 2983 1466 3023 menda
1502 2997 1593 3022 mea
1625 2985 1697 3021 est.

114 3058 230 3107 Quae
258 3059 384 3099 verba
416 3060 451 3099 si
484 3063 592 3100 recte
623 3060 830 3113 intellego,
864 3058 1042 3098 Ovidius
1076 3058 1176 3096 dicit
1201 3057 1330 3095 vitam
1357 3068 1493 3105 suam,
1526 3067 1622 3093 011111
1650 3052 1699 3092 ab
1729 3052 1873 3092 ultimo
1901 3056 2084 3103 tempore
2110 3049 2266 3089 Romae
2293 3052 2437 3088 exacto

113 3129 438 3183 discesserimus,
472 3131 583 3170 omni
611 3131 702 3170 labe
729 3143 878 3181 0111010,
905 3121 1068 3182 praeter
1093 3128 1210 3168 illum
1237 3126 1363 3166 finem
1392 3126 1501 3165 vitae
1528 3137 1627 3164 suae
1654 3123 1917 3177 splendorem
1944 3122 2071 3161 nullis
2098 3120 2273 3160 maculis
2300 3132 2438 3172 asper-

113 3215 205 3243 sum
239 3214 346 3253 esse,
379 3214 475 3254 ergo
509 3200 709 3241 tuendam
740 3201 869 3241 vitam
901 3212 1020 3239 suam
1054 3211 1143 3238 esse
1176 3197 1262 3238 scil.
1296 3197 1346 3237 ab
1381 3196 1493 3235 omni
1523 3194 1689 3248 probro.
1748 3192 1897 3233 Nonne
1930 3193 2055 3232 simili
2089 3192 2248 3231 ratione
2281 3190 2438 3243 Hypsi—

114 3273 235 3328 pyles
268 3271 395 3312 verba.
426 3271 684 3312 videbuntur
723 3271 909 3324 intellegi
941 3270 1088 3324 posse?
1152 3268 1293 3308 Milite
1327 3271 1411 3308 tam
1445 3265 1569 3320 forti,
1609 3266 1764 3319 inquit,
1800 3264 1884 3305 ι’ἰΐα
1920 3263 2074 3303 tuenda
2107 3261 2225 3315 fuit!
2270 3261 2354 3301 scil.
2388 3260 2438 3300 ab
