2529 3685
2338 178 2387 224 1?

279 295 371 343 XX
404 294 484 342 179
517 312 583 352 sq.
637 292 770 348 Quem
802 293 843 339 si
872 292 1111 353 reppuleris
1142 311 1229 349 nee,
1264 312 1388 351 quem.
1420 292 1496 338 (Zea
1527 298 1722 348 damnat,
1755 299 1930 348 amaris,

750 369 810 409 Et
842 373 889 409 tu
921 369 1141 420 continuo,
1175 371 1280 408 00)·ΐο
1312 382 1381 421 090
1413 369 1560 409 salama
1592 381 1673 408 ero.

69 442 195 483 Hunc
226 443 366 482 1000111
407 444 650 494 corruptum
692 453 781 481 esse
822 444 935 481 ratus
973 441 1017 480 111
1058 439 1253 480 Fleckeis.
1288 453 1380 480 ann.
1415 438 1603 479 CXXIX
1635 439 1782 492 (1884)
1814 440 1920 479 hanc
1952 453 2026 494 ego
2060 440 2392 481 emendationem

68 513 265 566 proposui
298 516 338 552 et
368 511 559 565 pluribus
593 511 749 563 verbis,
782 525 857 551 cur
888 513 945 551 ita
977 511 1190 561 sentirem,
1223 509 1509 550 demonstrare
1542 523 1636 549 011111
1669 512 1862 549 conatus:

639 581 772 630 Quem
803 581 844 621 317
874 580 1112 635 reppuleris
1144 594 1230 631 nee,
1265 594 1390 632 quem
1421 580 1497 620 (100
1528 580 1718 630 (ῖαυιηαΐ,
1753 581 1928 631 amaris,

751 652 810 692 Et
842 655 889 692 tu
920 650 1139 701 continuo,
1176 653 1359 703 terque
1390 664 1460 702 090
1491 651 1638 690 salvus
1670 664 1752 690 0)·0.

69 723 116 763 Id
144 723 254 763 enim
281 736 413 763 unum
442 722 614 763 Carolus
640 722 809 774 Dilthey
843 722 1200 776 (observationum
1233 722 1277 761 in
1310 722 1509 775 epistulas
1541 721 1759 761 heroidum
1789 720 2016 762 0111110000
2048 723 2188 776 partic.
2215 723 2235 764 Ι
2267 724 2395 764 indici

69 794 194 835 schol.
219 793 400 846 Gotting.
425 792 614 849 1884s85
642 794 767 834 addit.
790 807 826 847 p.
855 792 924 845 19)
952 805 1018 832 me
1044 791 1167 832 habet
1193 793 1519 832 consentientem
1547 804 1641 831 cum
1670 805 1693 831 a
1718 792 1876 831 ratione
1903 795 2072 833 metrica
2097 797 2185 833 tum
2212 795 2395 834 maxime

70 878 93 904 a
124 865 329 904 sententia
361 877 436 904 000
469 864 676 904 offendere
708 864 813 903 illud
846 866 951 902 00)·ίο
983 876 1065 914 090,
1101 875 1227 915 (1110111
1260 863 1303 901 in
1331 862 1558 901 ridiculum
1585 861 1847 914 detorqueat,
1881 864 2077 915 quoniam
2104 864 2227 904 faciat
2259 865 2396 903 Acon-

69 936 173 975 tium
207 935 318 974 haud
352 935 527 975 obscure
559 934 819 988 profitentem
855 946 898 973 se
931 946 1032 973 suae
1064 934 1197 986 magis
1231 946 1355 986 quam
1390 933 1565 986 virginis
1607 932 1862 973 desideratae
1901 934 2022 973 saluti
2057 934 2201 974 timere
2233 938 2272 974 et
2303 947 2397 988 pro-

70 1006 237 1059 spicere.
288 1005 382 1046 Non
408 1005 538 1058 probo
565 1005 749 1058 reliquas
782 1017 929 1044 causas
956 1003 1161 1055 Diltheyi,
1190 1002 1344 1056 quibus
1371 1007 1573 1055 movetur,
1600 1007 1646 1042 ut
1672 1016 1737 1043 vv,
1769 1005 1818 1043 17
1826 1005 1848 1042 7
1856 1005 1997 1044 —180
2024 1008 2238 1057 suspectos
2266 1005 2394 1045 dicat:

71 1089 195 1129 quam
223 1088 363 1116 veram
395 1088 484 1116 esse
517 1076 763 1116 sententiam
796 1073 1014 1114 Knaackio
1048 1074 1117 1114 ille
1149 1073 1349 1127 probavit.
1401 1072 1571 1113 Praeter
1602 1073 1676 1112 1100
1708 1074 1787 1113 viri
1821 1073 1948 1124 docti,
1982 1074 2094 1126 quod
2127 1075 2272 1127 sciam,
2305 1075 2397 1115 illos

70 1159 217 1186 versus
242 1147 523 1199 retinuerunt,
556 1146 852 1198 Sedlmayerus
880 1149 918 1186 et
944 1145 1070 1199 Hugo
1099 1145 1277 1198 Magnus
1305 1144 1594 1184 emendatione
1621 1157 1710 1184 mea
1738 1144 1927 1198 probata,
1961 1158 2086 1197 quam
2113 1145 2182 1185 ille
2208 1146 2251 1185 in
2278 1149 2396 1186 textu

70 1217 224 1270 posuit,
263 1216 345 1257 Leo
379 1220 419 1257 et
450 1216 694 1257 Ehwaldius
732 1230 817 1257 11011
860 1216 1138 1275 recedendum
1181 1215 1367 1256 arbitrati
1406 1229 1429 1255 a
1461 1215 1629 1269 vulgata
1672 1215 1856 1255 lectione.
1921 1216 2062 1268 Atque
2102 1214 2184 1256 Leo
2227 1217 2398 1269 quidem

71 1300 217 1327 causas
248 1300 333 1327 non
365 1288 523 1328 attulit:
559 1287 803 1328 Ehwaldius
836 1301 931 1327 ann.
960 1287 1078 1327 Burs.
1107 1291 1202 1327 tom.
1232 1285 1477 1326 XXXXIII
1504 1300 1539 1339 p.
1568 1287 1665 1326 216.
1692 1287 1777 1326 223
1804 1290 2026 1339 postquam
2053 1285 2237 1338 Diltheyi
2265 1288 2399 1341 suspi-

71 1359 232 1398 cionem
264 1371 478 1399 removere
518 1362 690 1405 conatus
732 1363 809 1410 est,
851 1361 993 1411 terque
1025 1371 1095 1410 090
1136 1371 1210 1411 pro
1252 1361 1356 1397 00)·ΐο
1388 1371 1457 1409 090
1491 1359 1525 1397 01
1568 1357 1784 1407 scribatur,
1829 1360 1869 1396 et
1901 1357 2069 1396 Acontii
2111 1358 2398 1399 condicionem

70 1429 195 1468 nimis
226 1430 358 1482 premi
391 1432 516 1483 atque
548 1430 688 1483 urgeri
722 1433 761 1470 et
793 1431 925 1483 ipsam
966 1429 1301 1469 emendationem
1343 1429 1475 1481 magis
1518 1441 1643 1481 quam
1675 1428 1796 1467 liceat
1829 1441 1852 1466 a
1883 1427 2032 1467 tradita
2064 1427 2266 1468 librorum
2299 1430 2400 1469 scri-

70 1502 192 1552 ptura
224 1499 388 1541 differre
421 1500 530 1540 dicit.
594 1500 742 1554 Neque
783 1501 861 1540 hoc
901 1512 1039 1553 neque
1080 1500 1186 1539 illud
1228 1500 1330 1538 mihi
1373 1499 1544 1552 quidem
1585 1498 1830 1538 Ehwaldius
1871 1500 2086 1551 persuasit.
2150 1499 2218 1538 An
2260 1500 2400 1540 minus

70 1570 310 1623 putabimus
343 1571 511 1611 Acontii
544 1571 833 1612 condicionem
864 1572 1012 1624 premi,
1053 1571 1087 1611 si
1121 1570 1225 1610 nihil
1259 1571 1428 1610 omnino
1470 1570 1676 1609 Acontius
1715 1573 1833 1609 curat
1866 1569 2147 1610 valetudinem
2181 1569 2400 1624 Cydippes,

71 1654 172 1682 suae
204 1642 292 1695 ipse
325 1643 449 1682 saluti
481 1643 627 1683 timide
659 1643 891 1696 prospicit?
931 1642 1005 1682 Est
1038 1643 1148 1682 enim
1182 1642 1283 1682 11000
1310 1643 1513 1681 sententia
1548 1653 1692 1681 eorum
1726 1653 1833 1693 quae
1866 1640 2013 1680 tradita
2041 1644 2139 1680 sunt
2166 1641 2401 1681 verborum.

72 1711 224 1752 Contra
267 1725 342 1766 ego
388 1713 695 1767 elegantissime
744 1714 971 1753 Acontium
1016 1717 1117 1766 puto
1162 1712 1367 1752 affirmare
1411 1715 1538 1751 totam
1590 1724 1709 1751 suam
1760 1711 1938 1751 salutem
1989 1724 2035 1750 ac
2087 1712 2305 1752 sanitatem
2357 1713 2401 1751 in

72 1782 259 1837 Cydippe
299 1785 476 1837 eiusque
516 1784 651 1824 salute
692 1784 907 1824 contineri.
979 1785 1042 1823 Ac
1082 1796 1135 1824 ne
1174 1784 1367 1823 metricas
1409 1782 1580 1835 quidem
1613 1781 1801 1833 Diltheyi
1843 1781 2124 1822 dubitationes
2160 1781 2403 1822 Ehwaldius

70 1865 168 1894 vere
194 1854 400 1895 refutavit.
445 1854 523 1895 Illa
549 1856 660 1896 enim
687 1856 843 1895 vocalis
870 1856 1019 1908 longae
1046 1855 1090 1894 in
1117 1855 1245 1895 altera
1270 1857 1385 1908 parte
1410 1853 1659 1907 pentametri
1687 1853 1802 1893 elisio
1829 1855 1934 1892 00)·ΐο
1960 1866 2042 1905 090,
2077 1853 2198 1893 cuius
2225 1854 2401 1893 alterum

68 1912 311 1978 exemplum
344 1938 481 1979 neque
513 1927 556 1966 in
583 1925 722 1966 Ovidii
755 1926 1012 1966 carminibus
1043 1938 1180 1978 neque
1213 1926 1256 1965 111
1284 1924 1634 1965 Pseudovidianis
1667 1924 1857 1977 epistulis
1890 1924 2070 1964 inveniri
2102 1924 2172 1964 ille
2204 1937 2280 1965 suo
2314 1925 2403 1964 iure

72 1994 310 2048 affirmavit,
350 2009 434 2036 nen
466 2000 601 2050 potest
634 1997 801 2038 defendi
834 2010 960 2038 versu
994 1996 1089 2049 XV,
1124 1998 1177 2037 96
1215 2010 1373 2035 rerum
1411 1999 1458 2035 nt
1489 2009 1634 2035 (tutare
1665 1994 1787 2034 ..s-inas
1821 1998 1892 2035 aut
1924 2008 2049 2034 versu
2082 1996 2181 2049 epic.
2215 1994 2284 2035 Dr.
2322 1996 2403 2035 158

71 2066 183 2106 hanc
212 2066 425 2107 animam
456 2066 526 2108 0νο
558 2068 649 2122 pio.
715 2069 830 2109 Ferri
862 2081 946 2108 non
978 2081 1101 2121 posse
1143 2068 1481 2108 coniunctionem
1514 2069 1552 2105 et
1583 2070 1678 2107 ante
1720 2069 1764 2105 tn
1798 2065 2004 2105 continno
2037 2066 2215 2119 positam
2255 2077 2404 2118 neque,

73 2150 157 2190 quo
189 2138 401 2191 referatur,
433 2138 655 2179 habentem
686 2139 931 2180 Ehwaldius
964 2139 1172 2189 concedit,
1206 2138 1278 2178 sed
1313 2138 1473 2178 mavult
1506 2138 1713 2189 corrigere
1746 2150 1794 2176 en
1831 2137 1878 2176 cl.
1908 2136 2007 2187 VII,
2044 2137 2126 2176 114
2158 2135 2220 2188 (Ρ).
2284 2134 2404 2183 Quod

73 2221 156 2248 non
189 2209 310 2248 modo
352 2208 561 2263 Cydippes
594 2210 667 2250 sed
701 2210 824 2250 etiam
862 2210 1032 2249 Acontii
1074 2209 1188 2249 salus
1221 2221 1269 2248 ac
1301 2208 1497 2248 valetudo
1540 2208 1770 2261 respicitur,
1812 2211 1922 2247 recte
1953 2206 2069 2246 Ehw.
2104 2210 2247 2246 contra
2279 2205 2404 2246 Dilth.

72 2278 115 2318 id
148 2279 333 2320 defendit
364 2280 412 2321 cl.
438 2280 533 2320 Am.
560 2280 613 2333 ΙΙ,
645 2282 708 2334 13,
739 2282 789 2321 15
817 2294 889 2334 0(1.,
922 2284 1049 2333 atque
1081 2280 1193 2320 idem
1221 2292 1317 2320 vere
1344 2279 1449 2319 vidit
1475 2279 1649 2319 seclusis
1676 2291 1771 2318 cum
1797 2277 1925 2318 Dilth.
1954 2277 2147 2318 versibus
2176 2278 2407 2319 177-180

73 2363 156 2390 1100
198 2353 290 2404 apte
331 2351 529 2405 coniungi
570 2350 682 2391 Siste
725 2355 888 2391 metum
926 2366 963 2391 v.
1007 2352 1085 2392 181
1128 2354 1167 2391 01
1208 2350 1341 2390 Hunc
1375 2353 1439 2401 tec,
1485 2349 1525 2389 si
1555 2348 1721 2402 sapias,
1766 2348 1896 2388 limen
1936 2348 2054 2388 0(Ζὶνο
2088 2351 2194 2387 retes
2232 2361 2269 2386 v.
2312 2349 2405 2388 176.

74 2420 289 2462 Postremo
322 2422 410 2475 ipse
442 2423 626 2463 maxime
658 2422 917 2476 probabilem
949 2434 1039 2462 esse
1072 2422 1227 2462 codicis
1260 2421 1487 2461 Bernensis
1521 2421 1742 2460 lectionem
1774 2420 1952 2459 iudicat:

645 2493 780 2542 Quem
811 2493 852 2533 sa·
882 2492 1122 2547 reppuleris
1154 2506 1241 2543 ozee,
1276 2505 1403 2545 quem
1434 2492 1510 2531 dea
1541 2491 1732 2542 damnat,
1766 2489 1930 2530 aneso-is

766 2564 851 2617 (Et
884 2567 1014 2604 teme
1045 2563 1252 2604 Continuo
1285 2566 1391 2603 certe
1423 2576 1493 2615 090
1525 2562 1672 2601 salvas
1704 2562 1789 2613 0)·0)

642 2634 754 2675 Siste
785 2638 966 2686 metum,
1000 2634 1146 2687 11190.-
1181 2633 1328 2674 stabili
1353 2633 1518 2687 potiere
1549 2633 1698 2672 salute.

75 2706 218 2747 Minus
244 2707 394 2748 ideona
420 2707 522 2746 mihi
547 2707 650 2746 haec
675 2707 828 2746 veteris
854 2706 1034 2746 alicuius
1061 2705 1323 2759 grammatici
1350 2705 1589 2744 coniectura
1618 2702 1795 2753 videtur,
1823 2702 1895 2754 qui
1924 2701 2084 2741 viderat
2110 2714 2236 2741 unam
2264 2713 2407 2741 earum

77 2790 185 2830 quae
216 2778 259 2818 in
293 2790 416 2818 versu
452 2778 534 2818 180
566 2778 712 2817 111011111
750 2777 1029 2817 offensionum
1068 2779 1107 2816 et
1139 2776 1283 2816 tollere
1316 2788 1406 2815 eam
1447 2773 1651 2814 studebat.
1727 2771 1929 2825 Displicet
1961 2772 2084 2812 etiam
2117 2772 2177 2823 id,
2211 2772 2341 2824 quod,
2374 2773 2409 2811 si

76 2851 187 2888 recte
218 2848 460 2889 Ehwaldius
494 2848 595 2901 quid
628 2848 728 2888 velit
760 2848 974 2900 intellego,
1016 2846 1219 2900 apodosin
1253 2858 1360 2899 quae
1403 2845 1555 2885 dicitur
1588 2843 1727 2884 verbis
1766 2842 1912 2882 stabili
1946 2842 2110 2895 potiere
2150 2842 2287 2881 salute
2320 2842 2410 2882 vult

77 2919 300 2971 contineri,
332 2932 430 2972 ergo
456 2932 542 2959 non
568 2919 691 2959 modo
719 2931 888 2959 versum
917 2918 1012 2970 180,
1046 2930 1171 2971 quem
1197 2917 1267 2957 ille
1293 2917 1337 2956 in
1363 2915 1601 2970 parenthesi
1628 2915 1785 2968 posuit,
1817 2925 1965 2953 verum
1991 2913 2114 2953 etiam
2141 2912 2269 2952 verba
2297 2910 2409 2951 Siste

77 2992 239 3029 metum
270 2990 314 3029 in
345 2990 581 3043 parenthesi
613 3003 703 3031 esse
736 2990 845 3030 dicta
877 2989 1146 3043 cogitandum
1179 2992 1250 3029 est.
1300 2987 1449 3040 Itaque
1477 2987 1716 3027 etiamnunc
1743 2986 2024 3025 coniecturam
2052 2997 2179 3037 quam
2205 2987 2300 3023 ante
2327 2986 2410 3023 tres

78 3073 208 3101 annos
239 3061 438 3115 proposui
470 3061 640 3102 retineo.
712 3060 846 3109 Quem
878 3060 949 3100 illo
991 3063 1176 3113 tempore
1209 3059 1260 3099 ad
1303 3057 1593 3111 explicandam
1636 3056 1805 3109 phrasin
1840 3058 1900 3094 ter
1930 3054 2076 3094 ..mle-ns
2109 3054 2229 3094 attuli
2270 3054 2410 3093 locum

78 3131 242 3171 Metam.
272 3131 387 3184 VIII,
420 3133 472 3173 51
514 3130 549 3171 Ο
579 3144 649 3184 090
684 3134 744 3171 ter
774 3130 891 3184 felix,
934 3131 1033 3170 huic
1065 3130 1198 3170 adicio
1230 3129 1349 3169 Trist.
1382 3128 1459 3179 ΙΙΙ,
1496 3129 1560 3179 12,
1593 3128 1648 3167 25
1688 3126 1722 3166 O
1747 3129 1908 3178 qnater,
1943 3138 1965 3164 0
1998 3124 2196 3178 quotiens
2228 3137 2318 3163 ‘non
2350 3127 2411 3163 est

78 3215 318 3252 numerare,
353 3201 534 3252 beatum,
569 3201 669 3241 Non
701 3200 931 3241 'interdieta
962 3200 1034 3240 0οί
1066 3199 1160 3239 licet
1193 3199 1300 3239 Urbe
1331 3198 1455 3251 frui!
1491 3198 1561 3252 [ex
1592 3197 1722 3237 Ponto
1749 3196 1802 3248 ΙΙ,
1834 3199 1868 3248 1,
1896 3197 1950 3236 68
1989 3194 2105 3243 Quae
2131 3194 2171 3233 si
2197 3207 2262 3233 me
2294 3194 2410 3233 salso

78 3271 253 3312 dabitur
286 3275 361 3312 teca
393 3272 539 3312 laurea
573 3271 755 3325 templis,
799 3270 959 3311 Omina
992 3270 1055 3310 his
1087 3270 1197 3310 dices
1233 3283 1329 3309 rara
1360 3269 1498 3322 fnisse
1533 3282 1635 3307 mea.
1655 3267 1690 3320 P]

2176 3345 2198 3377 3
