2529 3685
620 354 794 394 Perdita
826 367 877 392 ne
905 346 1102 405 perdam,
1138 351 1276 397 timeo,
1312 365 1533 391 noceamve
1568 344 1749 403 ηοττσηίῖ,

737 424 830 463 Ντή
866 423 980 462 Ιη“Ι)ηί
1011 436 1239 476 aeqaemreas
1273 422 1516 475 naufrayas
1549 422 1683 462 hostis
1714 436 1864 474 (squas.

60 503 206 555 Neque
239 502 366 543 enim,
409 497 519 550 quod
561 495 669 536 Dido
711 496 769 536 eis
808 496 879 548 qui
921 494 1045 534 tidem
1085 495 1334 534 violaverint
1370 507 1482 533 mare
1515 495 1555 547 (1.
1592 508 1623 535 o.
1660 495 1987 544 navigationem)
2021 493 2254 533 timendum
2295 500 2385 533 esse

61 574 179 624 dicit,
212 572 260 611 ‹le
293 571 373 610 alia
407 568 490 607 ulla
522 580 565 606 re
592 567 763 620 eogitari
795 569 930 619 potest
962 566 1043 605 nisi
1077 565 1127 605 (le
1159 565 1391 604 amantium
1425 565 1516 604 iure
1547 564 1737 604 iurando.

272 710 386 752 VIII
422 708 474 749 19
508 719 574 759 Sq.
626 706 694 746 Sa
724 720 839 745 soem·
870 706 1069 758 metaph),
1107 708 1268 757 nuptae
1301 704 1502 757 repetitor
1532 705 1765 757 ademptae,

744 879 1735 888 ......................

738 919 887 972 Nupta
920 918 1047 971 foret,
1083 917 1237 957 Paridi
1270 920 1404 957 mater
1438 921 1485 956 ηί
1516 920 1616 957 ante
1647 916 1749 970 fait.

60 995 122 1034 lta
149 1008 168 1031 e
196 991 408 1032 codicibus
441 1003 535 1030 011111
570 990 743 1042 reliquis
776 994 864 1030 tum
893 989 1096 1034 Parisino,
1128 990 1172 1028 in
1207 1002 1289 1041 quo
1319 988 1518 1041 repetitor
1544 1002 1596 1028 ex
1631 987 1834 1041 repetitas
1862 988 2044 1027 correxit
2072 1000 2222 1027 manus
2248 988 2389 1039 altera,

61 1066 353 1115 Sedhnayerus
387 1061 516 1101 edidit
548 1062 656 1100 inter
689 1061 794 1101 (11100
827 1074 975 1101 versus
1011 1073 1141 1100 unum
1175 1059 1381 1099 distichon
1420 1059 1681 1099 intercidisse
1715 1062 1847 1107 ratus,
1890 1058 2000 1111 quod
2035 1059 2078 1097 in
2112 1058 2389 1098 deterioribus

62 1135 308 1189 quibusdam
342 1132 557 1173 codicibus
590 1136 630 1171 et
662 1132 711 1171 ab
753 1131 983 1171 editoribus
1023 1132 1287 1184 superiorum
1326 1134 1563 1184 temporum
1596 1131 1710 1170 varie
1743 1130 1972 1183 suppletur.
2035 1128 2213 1169 Nostrae
2245 1129 2391 1169 aetatis

61 1208 235 1247 editores
262 1205 332 1245 alii
364 1204 478 1244 aliud
512 1204 555 1243 in
588 1206 709 1242 textu
741 1207 974 1256 posuerunt
1000 1215 1076 1241 nec
1102 1206 1240 1242 tamen
1274 1214 1443 1241 sanasse
1470 1202 1609 1241 locum
1638 1201 1843 1241 videntur.
1892 1200 2048 1240 Birtius
2075 1200 2125 1240 ad
2154 1204 2390 1240 extremum

62 1278 193 1317 locuni
229 1276 498 1329 depravatum
533 1287 622 1314 esse
655 1278 769 1314 ratus
803 1278 842 1314 et
873 1274 1080 1326 glossema
1112 1273 1350 1326 suspicatus
1384 1271 1585 1312 Ovidium
1619 1273 1675 1311 ita
1707 1275 1825 1325 putat
1857 1272 2096 1324 scripsisse:

626 1344 694 1384 Sit
724 1357 839 1383 soeer
864 1344 1064 1396 exemplo.
1135 1342 1240 1382 Sine
1274 1345 1321 1393 te,
1357 1341 1559 1395 repetztor
1590 1342 1822 1395 ademptae,

740 1414 892 1468 Nupta
922 1414 1033 1467 foret
1065 1413 1218 1453 Paridi
1252 1416 1386 1452 neater
1421 1415 1468 1452 at
1498 1415 1597 1452 (mte
1629 1411 1732 1465 fait.

63 1490 176 1538 Quae
209 1489 328 1529 Birtii
361 1489 599 1528 coniectura
632 1487 825 1540 quamvis
865 1486 1032 1539 planam
1072 1484 1223 1525 efficiat
1255 1488 1294 1524 et
1328 1484 1552 1524 verborum
1595 1487 1849 1523 structuram
1883 1488 1921 1523 et
1953 1483 2221 1534 sententiam,
2253 1486 2392 1522 tamen

62 1574 109 1601 ea
139 1561 401 1613 potissimum
435 1559 484 1599 de
518 1572 644 1599 causa
676 1558 777 1598 mihi
811 1557 1021 1610 displicet,
1055 1556 1166 1609 quod
1200 1556 1276 1595 1100
1309 1556 1399 1595 1000
1432 1554 1690 1595 Hermionen
1726 1554 1921 1594 omnibus
1954 1553 2149 1608 precibus
2183 1553 2393 1593 auxilium

62 1631 216 1671 Orestis
243 1632 533 1684 i1npl‹i›1·antem
560 1634 599 1670 et
624 1630 882 1684 flagitantem
910 1628 1160 1681 anastrophe
1189 1640 1296 1681 quae
1324 1628 1478 1667 dicitur
1505 1628 1583 1678 uti,
1616 1627 1639 1666 i.
1668 1639 1699 1666 e.
1728 1626 1941 1666 absentem
1969 1625 2127 1678 alloqui
2154 1623 2393 1664 Menelaum

62 1717 143 1743 non
183 1707 242 1742 est
281 1703 366 1742 veri
406 1702 552 1742 simile.
624 1701 816 1744 Accedit.
860 1700 973 1753 quod
1016 1699 1326 1739 substantivum
1369 1697 1569 1751 repetitor
1610 1698 1691 1737 nisi
1733 1697 1810 1737 1100
1856 1709 1980 1736 versu
2022 1695 2132 1749 apud
2171 1696 2394 1749 scriptores

61 1774 268 1814 Romanos
300 1787 381 1813 non
416 1774 569 1826 legitur
600 1785 738 1825 neque
772 1773 815 1811 in
848 1772 1002 1824 optimo
1037 1771 1180 1810 codiee
1214 1773 1323 1810 certe
1356 1769 1554 1809 traditum
1588 1772 1658 1809 est.
1716 1768 1864 1821 Itaque
1896 1768 1939 1806 in
1973 1767 2049 1806 hae
2082 1779 2183 1806 voce
2218 1766 2393 1806 verbum

62 1846 198 1898 potius
231 1846 367 1885 inesse
398 1848 512 1884 ratus
545 1846 601 1884 ita
633 1843 775 1883 malim
809 1843 947 1883 locum
982 1843 1221 1882 restituere:

624 1914 697 1953 Ne·
727 1927 842 1953 soeer
873 1913 1135 1965 e.1·templ0
1171 1915 1317 1965 napta
1333 1925 1371 1951 m
1407 1910 1669 1964 repetis-set
1700 1910 1979 1962 ademptam,

744 1984 893 2037 Nupta
926 1984 1037 2037 foret
1068 1982 1223 2023 Paride·
1256 1985 1401 2032 mater,
1440 1985 1487 2020 ηί
1518 1984 1617 2020 ante
1649 1980 1753 2033 fait.

65 2059 129 2097 Ad
163 2058 405 2098 sententiam
441 2057 772 2097 condicionalem
807 2056 854 2097 cf.
891 2069 927 2095 V.
967 2056 1047 2095 10‘2
1083 2054 1191 2094 Pars
1233 2054 1332 2093 haee
1372 2067 1462 2092 mla
1505 2052 1630 2103 milas,
1673 2051 1867 2091 σοηὶηηαπ1
1900 2050 1998 2089 beree
2037 2049 2162 2089 eesse't
2204 2048 2394 2088 Orestes.-

66 2129 109 2168 Β
142 2143 317 2181 qaoque,
354 2142 378 2167 η
394 2128 409 2167 ί
435 2141 516 2182 pro
542 2142 585 2167 se
612 2130 789 2181 paynet,
823 2127 1048 2179 (ηίιηημίηει
1074 2125 1166 2165 erit.
1222 2125 1352 2178 Saepe
1386 2125 1510 2164 etiam
1545 2123 1791 2163 adverbium
1824 2121 2029 2174 estemplo
2057 2120 2168 2174 apud
2196 2119 2396 2159 Ovidium

64 2201 257 2253 legimus,
291 2200 416 2252 idque
448 2212 578 2253 paene
611 2211 775 2252 semper
807 2198 953 2238 eodem
986 2210 1133 2237 versus
1165 2197 1274 2241 loco,
1313 2200 1408 2235 ante
1441 2207 1655 2235 caesuram
1691 2207 1816 2246 quain
1850 2193 1995 2232 dieunt
2026 2191 2396 2245 penthemimeren.

276 2341 397 2383 VIII
421 2340 506 2381 103
527 2351 593 2392 sq.
630 2339 827 2392 Parrhaa
859 2338 981 2378 habet
1011 2341 1179 2391 eaptam
1216 2338 1362 2377 redaee
1395 2340 1433 2376 et
1468 2336 1620 2376 vietore
1647 2337 1840 2388 parente.

745 2410 775 2462 ’1-
808 2409 868 2449 Εί
901 2409 1048 2449 Ιηὶηηε
1080 2423 1106 2448 a
1140 2408 1261 2448 nobis
1293 2407 1439 2447 (Ιίνηία
1477 2406 1602 2446 Troia
1633 2405 1758 2446 (lede't.

67 2483 130 2522 Ita
161 2482 454 2534 Sedlmayerus
488 2496 582 2522 011111
616 2481 808 2521 Parisino
841 2485 880 2521 et
913 2481 1074 2533 aliquot
1106 2480 1380 2520 deterioribus
1413 2479 1554 2518 libris:
1590 2477 1667 2518 1100
1698 2476 1973 2517 fundamento
2006 2474 2226 2515 nitendum
2262 2476 2323 2513 est
2354 2474 2398 2513 in

68 2554 321 2594 restituendo
354 2557 624 2607 pentametro,
667 2553 740 2606 qui
773 2565 868 2591 Cum
902 2553 957 2591 ita
991 2556 1036 2591 111
1069 2550 1246 2590 traditus
1280 2554 1340 2590 est
1372 2550 1559 2603 intellegi
1592 2561 1677 2588 non
1718 2548 1848 2600 possit.
1879 2547 1923 2586 in
1956 2546 2149 2599 plurimis
2182 2543 2399 2584 codicibus

70 2626 181 2665 varie
209 2629 267 2665 est
294 2628 486 2664 mutatus.
542 2624 690 2676 Itaque
716 2623 943 2663 Merkelius
972 2626 1011 2662 et
1037 2621 1203 2661 Riesius
1232 2620 1653 2673 Gnelpherbytanum
1689 2618 1821 2658 secuti
1855 2617 2078 2657 ediderunt
2117 2615 2208 2655 Hoe
2236 2627 2398 2654 mmm-3

69 2695 190 2735 uobis
222 2695 366 2735 (le'rata
404 2695 527 2735 Troia
562 2694 685 2743 tulin·
721 2693 888 2733 Riesius
920 2697 1063 2746 postea
1096 2692 1274 2732 coniecit
1306 2690 1365 2730 Ee·
1399 2690 1537 2730 milei!
1571 2689 1633 2729 sie
1665 2689 1746 2741 (vel
1778 2687 1902 2741 qaae)
1937 2686 2058 2726 nobis
2090 2686 2239 2726 diruta
2275 2683 2399 2724 Troia

69 2766 202 2811 dedit:
244 2767 408 2817 melius,
450 2771 495 2806 ut
528 2766 627 2805 mihi
667 2765 845 2814 videtur,
891 2776 1146 2816 quamquam
1188 2775 1273 2802 non
1314 2761 1596 2815 probabiliter,
1638 2760 1797 2800 Bittius
1837 2759 1927 2812 ipse
1970 2769 2139 2811 quoque
2181 2770 2204 2796 a
2245 2755 2401 2796 codicis

71 2837 249 2876 Parisini
281 2837 457 2876 lectione
488 2836 698 2890 profectus
730 2834 790 2874 Et
821 2835 1033 2874 dammim.
1065 2833 1189 2873 nobis
1222 2832 1370 2872 diretta
1406 2831 1532 2871 Troia
1565 2830 1702 2879 dedit‚·
1740 2829 1913 2869 Carolus
1941 2828 2121 2869 Schenkl
2153 2826 2324 2866 Munus
2355 2825 2403 2864 id

71 2921 94 2946 a
105 2908 122 2946 J
159 2906 277 2946 nohis
302 2907 447 2946 diretta
480 2906 601 2946 Troia
628 2906 761 2955 dam,-
797 2905 879 2945 Leo
907 2904 966 2944 Et
993 2904 1153 2949 minas,
1181 2918 1219 2948 a,
1250 2903 1371 2943 nohis·
1398 2903 1547 2942 diruta
1577 2901 1702 2942 Troia
1730 2900 1852 2945 tulit:
1888 2900 2129 2953 nuperrime
2155 2897 2400 2937 Ehwaldius

72 2986 181 3024 (ann.
209 2978 327 3018 Burs.
354 2982 450 3017 tom.
478 2977 722 3017 XXXXHI
748 2991 784 3030 p.
813 2978 911 3027 237)
946 2975 1115 3015 illamam
1148 2978 1186 3015 et
1217 2975 1300 3014 ah!
1338 2974 1458 3014 nobis
1491 2974 1640 3013 diruta
1671 2972 1794 3012 Troia
1828 2971 1953 3011 dedit.
2008 2970 2099 3010 Hae
2133 2981 2277 3009 omnes
2305 2980 2402 3007 0011-

73 3049 253 3088 ieeturae
280 3053 351 3088 aut
377 3049 606 3089 sententiae
633 3049 713 3088 loei
739 3052 810 3088 aut
836 3047 975 3087 verbis
1001 3047 1163 3087 traditis
1189 3046 1292 3085 mihi
1319 3046 1515 3085 videntur
1541 3058 1625 3085 non
1651 3042 1922 3096 respondere3
1958 3042 2081 3082 etiam
2109 3039 2220 3093 quod
2243 3038 2403 3079 Birtius

73 3119 221 3169 voluit,
262 3132 357 3159 011111
398 3132 625 3173 pronomen
667 3119 1039 3160 demonstrativum
1083 3117 1353 3167 desideretur,
1395 3116 1645 3170 languidum
1686 3118 1757 3154 est.
1821 3113 1918 3153 Iure
1949 3112 2143 3165 Tei-pstra
2175 3110 2402 3150 antithesin

75 3189 283 3229 observari
316 3190 430 3230 iubet
463 3191 570 3229 inter
606 3194 818 3243 parentem
857 3189 1095 3229 Menelaum
1126 3188 1246 3227 Troia
1286 3188 1423 3227 diruta
1454 3188 1657 3226 victorem
1690 3189 1729 3225 et
1760 3184 1890 3224 filiam
1922 3184 1964 3222 vi
1998 3182 2239 3233 abductam,
2280 3193 2402 3233 argu-

76 3264 343 3312 mentumque
370 3265 579 3314 praeterea
613 3265 751 3301 11101101
783 3261 833 3300 ab
860 3260 1043 3300 absurdo
1076 3260 1249 3312 petitum
1285 3271 1391 3305 0000,
1425 3262 1583 3310 patrem
1611 3256 1662 3296 ab
1689 3256 1805 3295 hoste
1833 3256 2034 3294 victorem
2062 3265 2279 3293 reversum
2313 3263 2403 3291 esse

76 3336 115 3369 et
146 3331 270 3370 filiam
306 3337 460 3384 raptam
494 3332 634 3371 teneri.
697 3332 845 3384 Itaque
878 3332 1105 3371 acutiorem
1138 3331 1179 3370 in
1212 3333 1470 3383 pentametro
1504 3328 1753 3368 sententiam
1787 3327 1924 3365 inesse
1957 3328 2073 3364 ratus
2106 3336 2153 3363 ae
2185 3322 2311 3363 simul
2343 3322 2401 3361 ita
